<?xml version="1.0" encoding="UTF-8"?><record xmlns="http://www.loc.gov/MARC21/slim" xmlns:cinclude="http://apache.org/cocoon/include/1.0" xmlns:zs="http://www.loc.gov/zing/srw/">
  <leader>01040cz  a2200229n  4500</leader>
  <controlfield tag="001">no2004027119</controlfield>
  <controlfield tag="003">DLC</controlfield>
  <controlfield tag="005">20040921052349.0</controlfield>
  <controlfield tag="008">040322n| acaaaaaan          |a ana     c</controlfield>
  <datafield tag="010" ind1=" " ind2=" ">
    <subfield code="a">no2004027119</subfield>
  </datafield>
  <datafield tag="035" ind1=" " ind2=" ">
    <subfield code="a">(OCoLC)oca06304044</subfield>
  </datafield>
  <datafield tag="040" ind1=" " ind2=" ">
    <subfield code="a">NIC</subfield>
    <subfield code="b">eng</subfield>
    <subfield code="c">NIC</subfield>
    <subfield code="d">MH-L</subfield>
  </datafield>
  <datafield tag="130" ind1=" " ind2="0">
    <subfield code="a">Queen's University School of Environmental Studies general publication</subfield>
  </datafield>
  <datafield tag="430" ind1=" " ind2="0">
    <subfield code="a">General publication (Queen's University (Kingston, Ont.). School of Environmental Studies)</subfield>
  </datafield>
  <datafield tag="410" ind1="2" ind2=" ">
    <subfield code="a">Queen's University (Kingston, Ont.).</subfield>
    <subfield code="b">School of Environmental Studies.</subfield>
    <subfield code="t">General publication</subfield>
  </datafield>
  <datafield tag="642" ind1=" " ind2=" ">
    <subfield code="a">no. 1</subfield>
    <subfield code="5">DPPC</subfield>
    <subfield code="5">NIC</subfield>
  </datafield>
  <datafield tag="643" ind1=" " ind2=" ">
    <subfield code="a">Kingston, Ont.</subfield>
    <subfield code="b">Queen's University School of Environmental Studies</subfield>
  </datafield>
  <datafield tag="644" ind1=" " ind2=" ">
    <subfield code="a">f</subfield>
    <subfield code="5">NIC</subfield>
  </datafield>
  <datafield tag="645" ind1=" " ind2=" ">
    <subfield code="a">t</subfield>
    <subfield code="5">DPPC</subfield>
    <subfield code="5">NIC</subfield>
  </datafield>
  <datafield tag="646" ind1=" " ind2=" ">
    <subfield code="a">s</subfield>
    <subfield code="5">NIC</subfield>
  </datafield>
  <datafield tag="670" ind1=" " ind2=" ">
    <subfield code="a">Canadian graduate programs in environmental studies, 1996-1997, 1996:</subfield>
    <subfield code="b">p. 2 of cover (Queen's University School of Environmental Studies general publication)</subfield>
  </datafield>
  <datafield tag="670" ind1=" " ind2=" ">
    <subfield code="a">NLC database, Feb. 29, 2004</subfield>
    <subfield code="b">(hdg.: Queen's University School of Environmental Studies general publication)</subfield>
  </datafield>
</record>